@article{doliskani2023sample,
  title={How to sample from the limiting distribution of a continuous-time quantum walk},
  author={Doliskani, Javad},
  journal={IEEE Transactions on Information Theory},
  volume={69},
  number={11},
  pages={7149--7159},
  year={2023},
  publisher={IEEE}
}

@article{booher2024failing,
  title={Failing to hash into supersingular isogeny graphs},
  author={Booher, Jeremy and Bowden, Ross and Doliskani, Javad and Boris Fouotsa, Tako and Galbraith, Steven D and Kunzweiler, Sabrina and Merz, Simon-Philipp and Petit, Christophe and Smith, Benjamin and Stange, Katherine E and others},
  journal={The Computer Journal},
  volume={67},
  number={8},
  pages={2702--2719},
  year={2024},
  publisher={Oxford University Press}
}

@book{wickerhauser1996adapted,
  title={Adapted wavelet analysis: from theory to software},
  author={Wickerhauser, Mladen Victor},
  year={1996},
  publisher={AK Peters/CRC Press}
}

@inproceedings{agaian2002quantum,
  title={Quantum computing and a unified approach to fast unitary transforms},
  author={Agaian, Sos S and Klappenecker, Andreas},
  booktitle={Image Processing: Algorithms and Systems},
  volume={4667},
  pages={1--11},
  year={2002},
  organization={SPIE}
}

@article{zhandry2021quantum,
  title={Quantum lightning never strikes the same state twice. or: quantum money from cryptographic assumptions},
  author={Zhandry, Mark},
  journal={Journal of Cryptology},
  volume=34,
  pages={1--56},
  year=2021,
  publisher={Springer}
}

@article{kane2021quantum,
  title={Quantum money from quaternion algebras},
  author={Kane, Daniel M and Sharif, Shahed and Silverberg, Alice},
  journal={arXiv preprint arXiv:2109.12643},
  year={2021}
}

@article{khesin2022publicly,
  title={Publicly verifiable quantum money from random lattices},
  author={Khesin, Andrey Boris and Lu, Jonathan Z and Shor, Peter W},
  journal={arXiv preprint arXiv:2207.13135},
  year={2022}
}

@inproceedings{liu2023another,
  title={Another Round of Breaking and Making Quantum Money: How to Not Build It from Lattices, and More},
  author={Liu, Jiahui and Montgomery, Hart and Zhandry, Mark},
  booktitle={Annual International Conference on the Theory and Applications of Cryptographic Techniques},
  pages={611--638},
  year={2023},
  organization={Springer}
}

@article{bilyk2023cryptanalysis,
  title={Cryptanalysis of three quantum money schemes},
  author={Bilyk, Andriyan and Doliskani, Javad and Gong, Zhiyong},
  journal={Quantum Information Processing},
  volume={22},
  number={4},
  pages={177},
  year={2023},
  publisher={Springer}
}

@article{conde2019non,
  title={Non-quantum cryptanalysis of the noisy version of Aaronson--Christiano's quantum money scheme},
  author={Conde Pena, Marta and Dur{\'a}n D{\'\i}az, Raul and Faug{\`e}re, Jean-Charles and Hern{\'a}ndez Encinas, Luis and Perret, Ludovic},
  journal={IET Information Security},
  volume={13},
  number={4},
  pages={362--366},
  year={2019},
  publisher={Wiley Online Library}
}

@inproceedings{roberts2021security,
  title={Security analysis of quantum lightning},
  author={Roberts, Bhaskar},
  booktitle={Annual International Conference on the Theory and Applications of Cryptographic Techniques},
  pages={562--567},
  year={2021},
  organization={Springer}
}

@article{wiesner1983conjugate,
  title={Conjugate coding},
  author={Wiesner, Stephen},
  journal={ACM Sigact News},
  volume={15},
  number={1},
  pages={78--88},
  year={1983},
  publisher={ACM New York, NY, USA}
}

@inproceedings{aaronson2009quantum,
  title={Quantum copy-protection and quantum money},
  author={Aaronson, Scott},
  booktitle={2009 24th Annual IEEE Conference on Computational Complexity},
  pages={229--242},
  year={2009},
  organization={IEEE}
}


@article{cryptoeprint:2025/092,
  author = {Jake Doliskani},
  title = {Public-Key Quantum Money From Standard Assumptions (In The Generic Model)},
  journal = {Cryptology {ePrint} Archive, Paper 2025/092},
  year = 2025,
  url = {https://eprint.iacr.org/2025/092}
}

@inproceedings{klappenecker2001discrete,
  title={Discrete cosine transforms on quantum computers},
  author={Klappenecker, Andreas and Rotteler, Martin},
  booktitle={ISPA 2001. Proceedings of the 2nd International Symposium on Image and Signal Processing and Analysis. In conjunction with 23rd International Conference on Information Technology Interfaces (IEEE Cat.},
  pages={464--468},
  year={2001},
  organization={IEEE}
}

@book{rao2014discrete,
  title={Discrete cosine transform: algorithms, advantages, applications},
  author={Rao, K Ramamohan and Yip, Ping},
  year={2014},
  publisher={Academic press}
}

@inproceedings{berry2015hamiltonian,
  title={Hamiltonian simulation with nearly optimal dependence on all parameters},
  author={Berry, Dominic W and Childs, Andrew M and Kothari, Robin},
  booktitle={2015 IEEE 56th annual symposium on foundations of computer science},
  pages={792--809},
  year={2015},
  organization={IEEE}
}

@article{childs2010relationship,
  title={On the relationship between continuous-and discrete-time quantum walk},
  author={Childs, Andrew M},
  journal={Communications in Mathematical Physics},
  volume={294},
  pages={581--603},
  year={2010},
  publisher={Springer}
}

@inproceedings{szegedy2004quantum,
  title={Quantum speed-up of Markov chain based algorithms},
  author={Szegedy, Mario},
  booktitle={45th Annual IEEE symposium on foundations of computer science},
  pages={32--41},
  year={2004},
  organization={IEEE}
}

@inproceedings{childs2007quantum,
  title={Quantum algorithms for hidden nonlinear structures},
  author={Childs, Andrew M and Schulman, Leonard J and Vazirani, Umesh V},
  booktitle={48th Annual IEEE Symposium on Foundations of Computer Science (FOCS'07)},
  pages={395--404},
  year={2007},
  organization={IEEE}
}

@inproceedings{childs2003exponential,
  title={Exponential algorithmic speedup by a quantum walk},
  author={Childs, Andrew M and Cleve, Richard and Deotto, Enrico and Farhi, Edward and Gutmann, Sam and Spielman, Daniel A},
  booktitle={Proceedings of the thirty-fifth annual ACM symposium on Theory of computing},
  pages={59--68},
  year={2003}
}

@article{ambainis2007quantum,
  title={Quantum walk algorithm for element distinctness},
  author={Ambainis, Andris},
  journal={SIAM Journal on Computing},
  volume={37},
  number={1},
  pages={210--239},
  year={2007},
  publisher={SIAM}
}

@inproceedings{aharonov2001quantum,
  title={Quantum walks on graphs},
  author={Aharonov, Dorit and Ambainis, Andris and Kempe, Julia and Vazirani, Umesh},
  booktitle={Proceedings of the thirty-third annual ACM symposium on Theory of computing},
  pages={50--59},
  year={2001}
}

@inproceedings{zhandry2024quantum,
  title={Quantum Money from Abelian Group Actions},
  author={Zhandry, Mark},
  booktitle={15th Innovations in Theoretical Computer Science Conference (ITCS 2024)},
  year={2024},
  organization={Schloss-Dagstuhl-Leibniz Zentrum f{\"u}r Informatik}
}

@inproceedings{cleve2000fast,
  title={Fast parallel circuits for the quantum Fourier transform},
  author={Cleve, Richard and Watrous, John},
  booktitle={Proceedings 41st Annual Symposium on Foundations of Computer Science},
  pages={526--536},
  year={2000},
  organization={IEEE}
}

@inproceedings{hales2000improved,
  title={An improved quantum Fourier transform algorithm and applications},
  author={Hales, Lisa and Hallgren, Sean},
  booktitle={Proceedings 41st Annual Symposium on Foundations of Computer Science},
  pages={515--525},
  year={2000},
  organization={IEEE}
}

@article{cleve1998quantum,
  title={Quantum algorithms revisited},
  author={Cleve, Richard and Ekert, Artur and Macchiavello, Chiara and Mosca, Michele},
  journal={Proceedings of the Royal Society of London. Series A: Mathematical, Physical and Engineering Sciences},
  volume={454},
  number={1969},
  pages={339--354},
  year={1998},
  publisher={The Royal Society}
}

@inproceedings{aaronson2012quantum,
  title     = {Quantum money from hidden subspaces},
  author    = {Aaronson, Scott and Christiano, Paul},
  booktitle = {Proceedings of the forty-fourth annual ACM symposium on Theory of computing},
  pages     = {41--60},
  year      = {2012}
}


@inproceedings{farhi2012quantum,
  title     = {Quantum money from knots},
  author    = {Farhi, Edward and Gosset, David and Hassidim, Avinatan and Lutomirski, Andrew and Shor, Peter},
  booktitle = {Proceedings of the 3rd Innovations in Theoretical Computer Science Conference},
  pages     = {276--289},
  year      = {2012}
}

@article{lutomirski2009breaking,
  title   = {Breaking and making quantum money: toward a new quantum cryptographic protocol},
  author  = {Lutomirski, Andrew and Aaronson, Scott and Farhi, Edward and Gosset, David and Hassidim, Avinatan and Kelner, Jonathan and Shor, Peter},
  journal = {arXiv preprint arXiv:0912.3825},
  year    = {2009}
}

@article{klappenecker2001irresistible,
  title={On the irresistible efficiency of signal processing methods in quantum computing},
  author={Klappenecker, Andreas and R{\"o}tteler, Martin},
  journal={arXiv preprint quant-ph/0111039},
  year={2001}
}

